@online{clarivate,
    author    = "Clarivate",
    title     = "Top 100 innovators",
    url       = "http://top100innovators.stateofinnovation.com/content/valeo",
    keywords  = "innovation,france"
}

@online{france-startup,
    author    = "Les echos",
    title     = "La France, championne du monde des incubateurs de startups ?",
    url       = "https://start.lesechos.fr/entreprendre/actu-startup/la-france-championne-du-monde-des-incubateurs-de-startups-6107.php",
    keywords  = "innovation,france,startups"
}

@online{france-startup2,
    author    = "Capital",
    title     = "LA FRANCE, CE PAYS QUI CRÉE DES START-UP À LA CHAÎNE !",
    url       = "http://www.capital.fr/economie-politique/la-france-ce-pays-qui-cree-des-start-up-a-la-chaine-1046517",
    keywords  = "innovation,france,startups"
}

@online{aci,
    author    = "ACI",
    title     = "Baromètre de l’accompagnement de l’innovation",
    url       = "http://www.asso-conseils-innovation.org/files/Evenements%20ACI/2016/ACI_r%C3%A9union_28juin2016_barom%C3%A8tre.pdf",
    keywords  = "innovation"
}

@online{ent-gouv,
    author    = "Etude gouvernementale",
    title     = "L'innovation en France",
    url       = "http://www.entreprises.gouv.fr/files/files/directions_services/politique-et-enjeux/innovation/innovation-en-france-indicateurs-de-positionnement-international.pdf",
    keywords  = "innovation,france"
}


@online{strategie-gouv-innov,
    author    = "Pisani-Fery J. ; Harfi M. ; Lallement R.",
    title     = "Quinze ans de politiques d'innovation en France",
    url       = "http://www.strategie.gouv.fr/publications/quinze-ans-de-politiques-dinnovation-france",
    keywords  = "innovation,france"
}

@online{wiki-open-data,
    author    = "wikipédia",
    title     = "Open data",
    url       = "https://fr.wikipedia.org/wiki/Open_data",
    keywords  = "innovation,france,open-data"
}

@online{rdf,
    author    = "w3c",
    title     = "RDF",
    url       = "https://www.w3.org/TR/2014/NOTE-rdf11-primer-20140624/",
    keywords  = "rdf,web,semantique"
}

@online{wikipedia-semantique,
    author    = "wikipédia",
    title     = "Sémantique",
    url       = "https://fr.wikipedia.org/wiki/S%C3%A9mantique",
    keywords  = "semantique"
}

@online{shirky,
    author    = "Clay Shirky",
    title     = "Ontology is Overrated",
    url       = "http://www.shirky.com/writings/ontology_overrated.html?goback=.gde_1838701_member_179729766",
    keywords  = "semantique"
}

@online{eurostat,
    author    = "Eurostat",
    title     = "Results of the community innovation survey 2014",
    url       = "http://ec.europa.eu/eurostat/cache/metadata/en/inn_cis9_esms.htm",
    keywords  = "innovation,finance"
}

@online{foaf,
    author    = "FOAF",
    title     = "FOAF Vocabulary Specification 0.99",
    url       = "http://xmlns.com/foaf/spec/",
    keywords  = "semantique,ontologie,foaf"
}

@online{django,
    author    = "Django website",
    title     = "Django",
    url       = "https://www.djangoproject.com/",
    keywords  = "python,django"
}

@online{roy,
    author    = "Roy Fielding",
    title     = "Architectural styled and the design of network-bases software architectures, phd thesis, UC Irvine, 2000, chapter 5",
    url       = "https://www.ics.uci.edu/~fielding/pubs/dissertation/top.htm",
    keywords  = "api,rest"
}

@online{workflow,
    author    = "Atlassian",
    title     = "Comparing Workflows",
    url       = "https://www.atlassian.com/git/tutorials/comparing-workflows",
    keywords  = "git,workflow"
}

@online{gitlab,
    author    = "GitLab",
    title     = "GitLab features",
    url       = "https://about.gitlab.com/features/",
    keywords  = "git,gitlab"
}

@online{scanr,
    author    = "ScanR",
    title     = "ScanR",
    url       = "https://scanr.enseignementsup-recherche.gouv.fr/",
    keywords  = "api,rest"
}

@online{tim,
    author    = "Tim Berners-Lee",
    title     = "Plenary at WWW Geneva 94",
    url       = "https://www.w3.org/Talks/WWW94Tim/",
    keywords  = "w3c,semantic"
}
